ABNANL2A
940
ABNANL2A
:20:ABN AMRO BANK NV
:25:531848396
:28:33001/1
:60F:C071122EUR4757,92
:61:0711261126D3,15N426NONREF
:86:BEA   NR 5VTT02   26.11.07/17.39
5824 AH TO GO DEVE DEVEN,PAS555
:61:0711241126D62,5N192NONREF
:86: 57.38.58.128 QHARMONY
1E TERMIJN CONCERTREIS
:61:0711241126D20,N361NONREF
:86:GEA   NR S1W246   24.11.07/22.31
DAALSEWEG 200 NIJMEGEN,PAS555
:62F:C071126EUR4672,27
-
ABNANL2A
940
ABNANL2A
:20:ABN AMRO BANK NV
:25:531848396
:28:33101/1
:60F:C071126EUR4672,27
:61:0711271127D20,N445NONREF
:86:GEA   NR 000909   27.11.07/18.41
POSTBANK NIJMEGEN GWK,PAS555
:62F:C071127EUR4652,27
-
ABNANL2A
940
ABNANL2A
:20:ABN AMRO BANK NV
:25:531848396
:28:33201/1
:60F:C071127EUR4652,27
:61:0711281128D825,N426NONREF
:86:BEA   NR 44GA01   28.11.07/14.54
DE SAXOFOONWINKEL DEVENT,PAS555
:62F:C071128EUR3827,27
-
ABNANL2A
940
ABNANL2A
:20:ABN AMRO BANK NV
:25:531848396
:28:33301/1
:60F:C071128EUR3827,27
:61:0711291129D30,N445NONREF
:86:GEA   NR 001732   29.11.07/19.10
POSTBANK NIJMEGEN GWK,PAS555
:61:0711291129D22,3N426NONREF
:86:BEA   NR 5VTT01   29.11.07/17.53
5824 AH TO GO DEVE DEVEN,PAS555
:62F:C071129EUR3774,97
-
ABNANL2A
940
ABNANL2A
:20:ABN AMRO BANK NV
:25:531848396
:28:33401/1
:60F:C071129EUR3774,97
:61:0711301130D32,7N426NONREF
:86:BEA   NR EH7001   30.11.07/12.14
ALBERT HEIJN 1358 DEVENT,PAS555
:62F:C071130EUR3742,27
-
ABNANL2A
940
ABNANL2A
:20:ABN AMRO BANK NV
:25:531848396
:28:33701/1
:60F:C071130EUR3742,27
:61:0712011203D9,25N192NONREF
:86: 73.39.59.555
T-MOBILE NETHERLANDS BV
BETALINGSKENM.  500403694285
901061372890
:61:0712011203D9,95N426NONREF
:86:BEA   NR 4RVF02   01.12.07/12.27
DEKKER NIJMEGEN,PAS555
:61:0712011203D51,N426NONREF
:86:BEA   NR 863401   01.12.07/11.35
MUZIEKH. SCHREEVEN NIJME,PAS555
:62F:C071203EUR3672,07
-
ABNANL2A
940
ABNANL2A
:20:ABN AMRO BANK NV
:25:531848396
:28:34101/1
:60F:C071203EUR3672,07
:61:0712061207D26,18N192NONREF
:86:GIRO  8688111 XEL MEDIA BV
FACTUUR 25338 / KLANT 62239
XEL.NL
XEL MEDIA BV UTRECHT
:62F:C071207EUR3645,89
-
ABNANL2A
940
ABNANL2A
:20:ABN AMRO BANK NV
:25:531848396
:28:34501/1
:60F:C071207EUR3645,89
:61:0712111211D30,N445NONREF
:86:GEA   NR 000909   11.12.07/19.11
POSTBANK NIJMEGEN GWK,PAS555
:62F:C071211EUR3615,89
-
ABNANL2A
940
ABNANL2A
:20:ABN AMRO BANK NV
:25:531848396
:28:34601/1
:60F:C071211EUR3615,89
:61:0712121212D30,N445NONREF
:86:GEA   NR 001732   12.12.07/18.38
POSTBANK NIJMEGEN GWK,PAS555
:62F:C071212EUR3585,89
-
ABNANL2A
940
ABNANL2A
:20:ABN AMRO BANK NV
:25:531848396
:28:35101/1
:60F:C071212EUR3585,89
:61:0712151217D29,74N426NONREF
:86:BEA   NR YU5303   15.12.07/15.19
136 COOP CODIS 136 NIJME,PAS555
:62F:C071217EUR3556,15
-
ABNANL2A
940
ABNANL2A
:20:ABN AMRO BANK NV
:25:531848396
:28:35301/1
:60F:C071217EUR3556,15
:61:0712191219D20,N445NONREF
:86:GEA   NR 001732   19.12.07/18.51
POSTBANK NIJMEGEN GWK,PAS555
:62F:C071219EUR3536,15
-
ABNANL2A
940
ABNANL2A
:20:ABN AMRO BANK NV
:25:531848396
:28:35401/1
:60F:C071219EUR3536,15
:61:0712211220C46,N196NONREF
:86:GIRO  2445588 BELASTINGDIENST
MAAND JAN. NR. 155061288T800013
ZORGTOESLAG 2008  *ENGELEN
*   BELASTINGDIENST GVS UITBET
ALING.
:61:0712211220C1716,27N196NONREF
:86: 10.52.65.896 TOPICUS ZORG B.V.
BRINKPOORTSTRAAT 11
7411 HR  DEVENTER
15/10002778 Y2007*12*15*1 XX15 S
ALARIS DEC 07X ENGELEN*STANDAARD
BANKREKENING*Y2007*12
:62F:C071220EUR5298,42
-
